% Bibliography references

@online{label1,
	author = {Names},
	url = {URL},
}

@Thesis{label2,
	author = {Names},
	title = {Title},
	date = {Year},
	location = {Location},
}

@article{label3,
	author = {Names},
	title = {Title},
    journaltitle = {JournalTitle},
	date = {Year},
	location = {Location},
}